<record><leader>00000cas a22000007a 4500</leader><controlfield tag="001">30467752</controlfield><controlfield tag="008">940520c199u9999nyuwr ne      0    0eng d</controlfield><datafield ind1=" " ind2=" " tag="010"><subfield code="a">sn 94057568 </subfield></datafield><datafield ind1=" " ind2=" " tag="040"><subfield code="a">NYS</subfield><subfield code="b">eng</subfield><subfield code="c">NYS</subfield><subfield code="d">OCLCQ</subfield></datafield><datafield ind1=" " ind2=" " tag="042"><subfield code="a">msc</subfield></datafield><datafield ind1="0" ind2=" " tag="130"><subfield code="a">New patriot (Andover, N.Y.)</subfield></datafield><datafield ind1="1" ind2="0" tag="245"><subfield code="a">New patriot.</subfield></datafield><datafield ind1=" " ind2=" " tag="260"><subfield code="a">Andover, N.Y. :</subfield><subfield code="b">Empire Phoenix Corp.</subfield></datafield><datafield ind1=" " ind2=" " tag="300"><subfield code="a">v.</subfield></datafield><datafield ind1=" " ind2=" " tag="310"><subfield code="a">Weekly</subfield></datafield><datafield ind1=" " ind2=" " tag="588"><subfield code="a">Description based on: Vol. 3, no. 1 (Jan. 8, 1992).</subfield></datafield><datafield ind1=" " ind2="4" tag="651"><subfield code="a">Andover (N.Y.)</subfield><subfield code="v">Newspapers.</subfield></datafield><datafield ind1=" " ind2=" " tag="752"><subfield code="a">United States</subfield><subfield code="b">New York</subfield><subfield code="c">Allegany</subfield><subfield code="d">Andover.</subfield></datafield><datafield ind1="1" ind2=" " tag="029"><subfield code="a">AU@</subfield><subfield code="b">000025902969</subfield></datafield></record>